5017 6225
1117 865 1318 880 m

399 955 506 1020 oluriae
527 963 597 1020 runt
624 957 688 1028 red,
710 941 749 1018 i'r
770 955 831 1026 aad,
852 954 912 1026 init
934 951 1113 1026 <litterarum
1136 969 1210 1038 quae
1233 958 1304 1016 eunt
1325 946 1346 1014 d
1366 963 1397 1014 et
1418 950 1438 1014 tr
1459 969 1529 1039 pars
1551 952 1689 1040 superior
1710 949 1823 1017 lineola
1852 961 2024 1021 transuersa

402 1075 486 1160 quasi
508 1071 605 1138 diuisa
627 1078 687 1154 eat)
714 1091 749 1156 p.
777 1071 861 1134 cuius
890 1091 927 1134 ea
946 1091 1017 1159 pars
1040 1089 1114 1157 quar
1134 1071 1216 1136 inira
1237 1087 1355 1134 ausam
1377 1077 1422 1134 est
1442 1069 1500 1135 uer
1521 1070 1611 1158 signu
1632 1078 1676 1145 ><
1705 1070 1845 1136 distincta
1865 1078 1930 1152 est,
1953 1091 1989 1153 p,
2011 1072 2022 1134 t

398 1193 469 1281 qnid
489 1192 661 1282 significent
681 1209 735 1281 pro
759 1196 840 1254 certo
864 1187 1045 1254 dicere-non
1066 1207 1208 1278 mosum,
1231 1187 1349 1252 conicio
1371 1197 1469 1253 tamen
1491 1208 1527 1252 ea
1548 1209 1622 1274 qnae
1644 1191 1740 1278 priori
1761 1189 1830 1254 loco
1851 1188 1939 1277 posui
1961 1207 2016 1253 no·

399 1313 519 1394 nura,
543 1331 615 1398 qnae
635 1317 705 1376 sunt
725 1305 855 1375 tortasse
867 1306 1006 1376 Sedulius
1029 1315 1059 1372 et
1074 1307 1238 1392 lohannes,
1261 1307 1350 1396 signa
1370 1327 1445 1374 esse.
1479 1306 1588 1393 pillud
1604 1307 1773 1375 distinctum
1796 1316 1829 1374 ut
1849 1308 1892 1374 ita
1913 1305 2020 1389 dicam,

400 1430 518 1522 signum
541 1430 674 1496 criticum
695 1448 762 1494 esse
784 1425 915 1494 uidetur:
937 1447 990 1516 per
1012 1435 1105 1492 totum
1127 1427 1205 1494 enirn
1229 1425 1359 1494 codicem
1384 1426 1503 1515 saepius
1525 1428 1558 1492 iu
1578 1430 1715 1516 margine
1735 1429 1843 1516 pictum
1865 1433 1912 1490 cst
1933 1436 1964 1490 et
1983 1425 2017 1488 in

196 1548 200 1558 '
255 1537 259 1542 ⁵
402 1547 907 1636 cnsdunoqnoqnoinmnitnr.
938 1545 1300 1633 perunacissime
1326 1544 1487 1634 siguificat
1538 1541 1729 1612 Scholiururu
1758 1547 1845 1611 initia
1871 1544 1905 1610 in
1933 1546 2019 1608 textu

402 1667 513 1734 dacius
535 1668 653 1757 punctis
674 1674 745 1732 ante
767 1665 886 1756 positis,
908 1665 940 1730 in
962 1665 1098 1753 margine
1119 1664 1166 1730 luis
1189 1666 1303 1754 siguis:
1329 1685 1363 1748 >
1394 1663 1564 1741 uindicata
1583 1673 1662 1730 eunt.
1694 1664 1777 1748 fuel
1797 1667 1862 1749 fati.
1884 1665 1918 1732 in
1938 1685 2017 1728 mar·

400 1788 472 1876 gine
494 1787 616 1876 legitur,
640 1785 688 1850 nui
709 1786 742 1850 in
764 1783 972 1850 textu-labala
992 1792 1150 1868 narratur,
1174 1770 1265 1868 adep.
1288 1785 1339 1849 ulri
1359 1781 1525 1872 allegorice
1539 1783 1672 1873 Uergilii
1693 1785 1783 1850 neria
1804 1783 2019 1873 interpretatur

398 1903 571 1973 scholiasta.
615 1903 803 1992 Scriptorum
832 1897 978 1970 aSeruio
1017 1901 1201 1968 laudatorum
1232 1904 1354 1968 nomina
1384 1903 1416 1968 in
1443 1903 1580 1990 margine
1611 1883 1740 1992 repetita
1768 1912 1846 1968 sunt
1888 1900 2020 1967 Litteris

398 2045 472 2111 puae
494 2035 562 2090 sant
585 2025 655 2090 dud.
679 2021 812 2088 dubitare
841 2043 875 2087 se
904 2020 941 2086 de
967 2022 1005 2086 iis
1027 2043 1102 2109 quae
1122 2021 1281 2110 scripserit
1311 2021 1460 2087 indicasse
1488 2032 1561 2112 pute
1592 2020 1756 2089 librarium.
1798 2005 1863 2088 cof.
1886 2019 1966 2108 quod
1985 2020 2018 2086 in

399 2142 561 2224 loliorum,
591 2163 664 2228 qnae
696 2140 849 2208 Aeneidos
880 2149 1046 2208 commenta
1075 2143 1247 2224 continent,
1270 2141 1408 2230 margine
1437 2159 1583 2230 persaepe
1612 2141 1724 2230 legitur
1753 2149 1922 2230 correptum
1950 2158 2019 2204 esse

401 2259 544 2328 scholium
565 2260 694 2326 fortasse
715 2259 875 2348 significat.
918 2257 1004 2334 tired
1026 2257 1065 2324 ad
1086 2279 1132 2342 ee,
1155 2279 1229 2345 quae
1250 2257 1288 2324 ad
1309 2259 1384 2324 Aen.
1405 2257 1449 2324 39
1469 2258 1507 2324 de
1528 2261 1616 2325 rebus
1638 2259 1787 2325 hominum
1809 2269 1860 2325 ant
1880 2281 1920 2325 ex
1941 2259 2023 2348 ipso-

402 2401 465 2447 ιιιι
489 2380 642 2446 uoluntate
667 2385 719 2444 aut
746 2398 786 2445 ex
814 2377 871 2444 leti
897 2378 1078 2444 necessitate
1103 2384 1154 2443 ant
1182 2399 1200 2442 e
1230 2375 1352 2444 deorum
1384 2377 1536 2445 uoluntate
1563 2377 1810 2445 descendentibus
1839 2375 1919 2442 dicta
1939 2393 2020 2462 sunt,

401 2503 432 2566 iu
455 2500 592 2590 margine
614 2499 757 2586 scriptum
780 2507 827 2564 est
851 2489 890 2563 i‘r
912 2483 1086 2581 podditcute
1108 2495 1145 2562 itl·
1161 2505 1207 2562 eat
1229 2509 1341 2564 contro
1363 2501 1592 2583 peddiscotcum
1613 2497 1733 2564 multum
1753 2496 1828 2561 lacit
1847 2496 1886 2564 ad
1900 2503 2025 2563 semrom

401 2619 512 2688 codicis
534 2616 738 2684 deliniendam.
769 2615 847 2682 Nam
870 2629 939 2704 apte
960 2614 1014 2682 illa
1035 2613 1095 2679 dici
1116 2623 1280 2704 potnerunt
1301 2623 1408 2682 contra
1421 2617 1629 2684 Getescalcum
1646 2617 1833 2701 monachum,
1856 2617 1907 2705 poi
1922 2615 2018 2683 medio

399 2741 465 2806 fere
486 2737 605 2803 saeculo
635 2755 715 2800 nouo
744 2734 925 2800 haereticam
955 2731 991 2798 de
1020 2731 1296 2822 praedestinatione
1326 2745 1356 2803 et
1384 2735 1481 2802 lilrera
1510 2735 1664 2804 uoluntate
1693 2735 1861 2804 doctrinam
1889 2736 2022 2826 probare

397 2857 550 2944 theologis
571 2852 692 2922 studuit.
716 2853 754 2920 cl.
777 2853 968 2936 Kunstmanu
990 2851 1026 2918 de
1047 2853 1191 2920 Hrabaue
1213 2853 1326 2920 Mauro
1354 2875 1423 2944 pag.
1448 2853 1510 2920 tau
1531 2876 1594 2941 sqq.
1630 2855 1715 2931 Quae
1735 2853 1774 2921 ad
1802 2854 1877 2921 tlon.
1908 2855 1923 2922 1
1958 2855 2023 2922 atu

400 2977 438 3044 tle
460 2974 582 3044 (irionis
605 2981 673 3053 ortu
694 2981 819 3040 narmta
841 2982 919 3048 suut,
941 2971 981 3038 ad
1002 2993 1038 3038 err
1063 2971 1096 3036 ln
1117 2972 1254 3061 margine
1275 2972 1419 3062 scriptum
1440 2983 1488 3038 est
1508 2960 1588 3058 q'rtio
1609 2979 1714 3041 edenti
1735 2960 1802 3059 ᾧῖ
1839 2974 1929 3050 Quod
1949 2975 2020 3063 qnid

405 3095 556 3188 significet
579 3094 700 3185 ignoro.

529 3212 654 3280 Contuli
681 3218 865 3277 autemeam
886 3210 1035 3279 Ber-aeusi
1057 3208 1279 3297 Bucolicorum,
1301 3210 1523 3300 Georgicorum
1545 3211 1743 3303 trutperti,
1772 3212 1926 3279 Aeneidos
1948 3214 2018 3280 lilrri

402 3337 493 3428 primi
514 3340 688 3400 commenta.
733 3329 905 3418 Quanquam
933 3330 1011 3396 hand
1039 3331 1142 3421 magni
1169 3333 1261 3419 pretii
1290 3352 1358 3396 esse
1379 3330 1511 3399 codicem
1533 3330 1617 3415 dixi,
1646 3340 1745 3398 umen
1765 3333 1830 3397 eius
1850 3335 2018 3423 scripturas

402 3457 434 3523 iu
455 3456 503 3521 his
525 3472 601 3541 quae
623 3450 703 3517 edidi
731 3450 870 3517 omittere
891 3448 989 3515 uului:
1019 3449 1139 3536 quassi
1163 3446 1193 3513 iu
1216 3472 1271 3532 oo,
1299 3469 1386 3537 quarn
1409 3471 1484 3539 paro
1506 3449 1609 3517 Seruii
1638 3450 1771 3517 editione
1791 3452 1934 3534 onlnem,
1957 3472 2018 3517 non

403 3596 511 3641 uereor
531 3593 569 3637 ue
591 3571 638 3636 cai
659 3569 868 3659 neglegentiae
889 3568 1074 3635 accusandus
1097 3588 1164 3633 esse
1187 3568 1302 3634 uidear.

526 3689 716 3775 Lipricurcm
730 3688 782 3771 (L)
805 3689 974 3755 accuratius
996 3686 1182 3755 describendi
1204 3689 1297 3755 otiam
1319 3688 1391 3753 milri
1410 3689 1486 3753 fecit
1501 3687 1695 3755 Naumanune
1715 3688 1767 3775 pui
1789 3687 2022 3778 diligentissime

406 3825 437 3878 ut
459 3810 537 3875 solet
558 3808 595 3874 de
616 3830 652 3873 eo
674 3806 837 3897 disputauit
858 3808 890 3875 in
912 3807 1055 3897 catalogo
1079 3806 1221 3875 librorum
1243 3828 1315 3873 mss.
1337 3806 1408 3873 bibl.
1430 3806 1535 3873 Senot.
1552 3807 1641 3897 Lips.
1663 3829 1735 3899 pag.
1757 3806 1807 3875 ll).
1843 3806 1955 3875 Codex
1976 3823 2022 3875 est

405 3933 645 3999 meurbrauaceus
666 3948 745 3991 saec.
760 3926 793 3993 X
814 3927 923 3995 litteris
944 3926 1141 4014 carolingicis
1156 3944 1228 4012 quas
1250 3926 1352 3994 dicunt
1370 3926 1407 3992 ab
1419 3926 1524 3993 eadem
1539 3948 1628 3995 manu
1643 3929 1775 4018 scriptus
1791 3928 1824 3993 iu
1840 3926 2025 3995 cchxxu

405 4050 497 4115 loliis.
543 4046 742 4114 correctores
764 4066 869 4134 pessus
899 4058 944 4111 est
975 4045 1067 4129 druos,
1098 4044 1300 4133 glossatorem
1327 4066 1425 4111 unum.
1467 4046 1593 4113 llloruur
1624 4048 1711 4137 prior
1740 4044 1780 4131 (l)
1809 4046 1933 4112 librario
1957 4047 2022 4113 lere

404 4167 537 4257 empuriis
560 4164 690 4231 codicem
707 4166 842 4231 correxit
854 4164 891 4231 ad
906 4165 1000 4255 ipsum
1019 4188 1036 4229 e
1057 4184 1114 4252 quo
1129 4162 1293 4256 descriptus
1309 4174 1355 4229 est
1368 4164 1574 4254 exemplum),
1597 4166 1686 4251 alter,
1709 4164 1761 4253 (λ)
1784 4167 1814 4231 iu
1838 4166 1920 4232 cuius
1941 4176 2024 4246 aeta·

405 4300 462 4352 tom
486 4308 546 4351 non
567 4296 613 4351 est
635 4307 687 4351 cur
709 4285 876 4350 accuratius
899 4284 1083 4374 inquiretur,
1115 4304 1133 4346 e
1160 4285 1333 4350 coniectura
1360 4283 1511 4351 scribendi
1540 4285 1684 4352 ιιοιιιιιιΙΙιι
1712 4286 1787 4351 uitia
1808 4284 1930 4370 eodem,
1954 4284 2040 4375 'pue'

407 4407 511 4471 tertius
535 4402 705 4471 Caesellani
728 4414 884 4471 corrector
906 4401 993 4469 mode
1015 4402 1192 4470 emendarit.
1236 4402 1398 4468 Glussator
1419 4403 1558 4469 lemmata
1578 4413 1608 4472 ot
1632 4404 1815 4470 scholiorum
1837 4418 2023 4495 argumenta,

408 4542 479 4589 raro
502 4523 588 4589 etiam
618 4520 876 4589 adnotatiunculae
904 4544 943 4587 ex
971 4522 1065 4612 ipsius
1087 4522 1209 4612 ingenio
1239 4521 1392 4611 proiectas
1421 4523 1454 4587 ia
1475 4523 1611 4611 margine
1639 4524 1770 4613 posuit„
1788 4524 1883 4612 ipsius
1913 4525 2020 4592 deinde

406 4640 507 4707 Seruii
529 4640 626 4707 uerbis
639 4640 744 4707 multas
756 4641 969 4731 superscripsit
990 4640 1121 4731 glossas,
1144 4662 1267 4728 quarum
1288 4640 1425 4728 exempla
1441 4641 1580 4732 proferre
1594 4642 1699 4708 inutile
1714 4641 1839 4709 uidetur.
1870 4643 1905 4709 ln
1920 4644 2019 4711 forma

408 4772 503 4825 autern
526 4766 556 4821 et
576 4756 740 4825 litterarum
763 4757 851 4825 ductu
865 4760 1036 4849 Lipsiensis
1053 4756 1229 4825 Caesellano
1251 4766 1312 4824 tarn
1323 4759 1431 4825 similis
1446 4770 1503 4843 est,
1526 4771 1558 4825 ut
1575 4760 1692 4829 Fuldac
1708 4771 1862 4849 auumque
1879 4764 2023 4852 scripturn

407 4899 473 4943 esse
494 4874 691 4967 probabiliter
713 4875 784 4943 milri
806 4876 910 4944 uidear
934 4880 1083 4945 conicere.
1120 4875 1204 4956 Quae
1225 4880 1355 4967 suspicio
1378 4877 1456 4946 haud
1477 4878 1670 4948 mediocriter
1692 4902 1728 4945 eo
1751 4880 1919 4964 adiuuatur,
1942 4882 2021 4967 quod

623 5050 713 5058 .-ο-,-

450 5138 470 5196 ·)
489 5134 521 5188 οι
813 5128 843 5175 Ὦ
860 5144 914 5181 curo
934 5136 1084 5184 casscttrtao
1104 5137 1162 5185 trotr
1182 5140 1223 5185 tric
1239 5145 1368 5184 concurr
1386 5144 1410 5183 et
1426 5138 1454 5185 Ιιι
1472 5137 1587 5194 ιιιςιιιο
1604 5140 1670 5189 baud
1686 5142 1720 5189 tta
1737 5139 1897 5187 raroaddtdtt
1916 5142 2025 5191 adnota-

865 5220 869 5222 ’
893 5224 1001 5269 1··.·ιιιιιιι
1021 5234 1117 5277 unoque
1136 5224 1233 5282 tegrini,
1252 5223 1321 5270 atlas
1338 5223 1420 5281 tprlns
1438 5224 1540 5281 tarenta
1558 5226 1643 5274 reret
1661 5227 1784 5275 ridentur.

1859 5308 1877 5359 ⁴2
