5017 6225
1110 839 1313 856 *aa*

406 933 461 1000 illu
491 931 596 998 666666
623 927 770 994 demto.
821 922 900 990 11166
926 925 1065 1014 persequi
1095 945 1159 990 cum
1187 923 1312 1012 longum
1340 921 1392 1004 sit,
1422 918 1547 988 alterum
1570 927 1681 986 tantum
1701 919 1845 1010 exemplis
1875 922 2018 1010 prolato.

407 1053 428 1120 3
460 1051 513 1119 sed
542 1070 603 1116 uon
630 1065 735 1113 uorsus
763 1047 824 1112 des.
850 1048 870 1110 i
899 1042 955 1112 lt
978 1040 1041 1110 146
1070 1051 1101 1110 61
1128 1043 1207 1108 scire
1235 1041 1372 1108 6666666
1393 1075 1435 1090 -
1465 1040 1638 1104 snbueutum
1659 1043 1722 1106 der.
1743 1043 1765 1106 i.
1787 1039 1843 1106 FC
1862 1039 1924 1108 198
1951 1053 2020 1106 aute

410 1175 488 1239 euim
516 1205 558 1220 -··
594 1164 804 1258 plenitudinem
833 1181 938 1229 umus
965 1166 1025 1230 des.
1054 1166 1075 1228 i
1104 1163 1158 1230 FC
1182 1167 1204 1229 i.
1234 1180 1298 1245 naq.
1325 1161 1435 1242 661666
1463 1180 1483 1244 γ
1509 1155 1573 1228 646
1601 1155 1641 1224 Et
1670 1165 1805 1224 6166161
1832 1162 1961 1251 iuniperi
1990 1171 2020 1226 61

412 1299 568 1358 maneae
596 1287 730 1352 hirsutae
754 1287 814 1350 dos.
841 1285 864 1349 i.
895 1281 948 1348 FG
969 1301 1037 1366 cop.
1070 1284 1122 1348 116
1151 1284 1256 1364 arins.
1287 1302 1308 1366 γ
1334 1277 1398 1344 647
1423 1299 1510 1364 quam
1542 1315 1588 1328 -
1620 1278 1807 1344 manifestum
1835 1283 1970 1347 661666.
2000 1286 2022 1348 ι’.

412 1411 468 1478 FC
486 1445 528 1458 -·
556 1405 647 1474 acuo
667 1405 832 1494 scripturas
853 1401 885 1466 in
911 1400 1015 1486 quitus
1037 1397 1197 1466 Firldensis
1218 1409 1248 1466 61
1268 1397 1458 1466 caeduae
1478 1417 1497 1462 a
1517 1397 1696 1462 relicoorum
1717 1396 1862 1466 librorum
1882 1403 2025 1467 memoria

412 1531 499 1598 alieni
522 1497 723 1594 consentiriut.
765 1521 788 1586 4
817 1517 1249 1606 commemorantem.)
1280 1518 1492 1586 elementorum
1520 1516 1600 1581 mala
1627 1536 1685 1581 uuo
1713 1537 1852 1582 sermone
1879 1521 2026 1586 conclusit

410 1648 595 1740 (complexos
619 1651 665 1710 est
686 1643 740 1710 rel.
764 1639 848 1720 libr.)
884 1637 906 1702 4
934 1638 1033 1725 posita
1060 1646 1132 1703 sunt
1149 1659 1205 1704 nec
1225 1637 1265 1704 66
1285 1657 1387 1704 eornm
1407 1636 1545 1725 exempla
1564 1635 1624 1716 alia
1644 1635 1771 1700 1666616
1791 1635 1846 1702 FC
1864 1635 1886 1703 8
1908 1637 2023 1705 Curitis

412 1771 466 1837 FC
486 1766 610 1834 Curetis
632 1781 716 1827 corr.
738 1776 754 1822 6
775 1755 817 1823 23
840 1757 885 1820 bis
906 1755 983 1820 idem
1006 1756 1187 1822 archaismos
1207 1779 1279 1824 sane
1298 1755 1338 1821 66
1357 1756 1459 1821 lutuno
1481 1754 1537 1821 FC
1554 1753 1586 1820 id
1608 1754 1712 1820 tineus
1733 1773 1829 1837 66666.
1850 1778 1871 1840 y
1889 1757 1932 1823 23
1952 1780 2027 1823 sane

409 1902 481 1954 tunc
501 1884 539 1949 66
560 1879 615 1947 FC
635 1877 696 1944 159
716 1883 834 1965 portum
856 1881 975 1962 putatur
996 1872 1190 1964 descripsisse
1217 1865 1275 1944 FC
1295 1874 1357 1940 184
1384 1897 1463 1938 nnuc
1492 1873 1702 1962 proconsulari
1723 1872 1776 1940 FC
1794 1873 1860 1939 236
1880 1885 1925 1941 est
1946 1878 2026 1964 quod

410 2005 495 2072 aillet
515 2011 560 2065 661
583 1996 661 2085 6666
683 1995 803 2086 puniat,
835 1993 918 2059 onius
939 1994 985 2059 rei
1005 1991 1065 2058 1616
1086 2000 1168 2084 patet
1188 1994 1380 2083 significatio.
1413 1991 1574 2057 Poetarum
1595 2015 1622 2056 e.
1644 2013 1672 2077 q.
1694 2013 1719 2056 s.
1741 1992 1795 2059 FC
1817 2013 1897 2077 qnae
1916 1997 1950 2060 in
1971 2001 2025 2064 rel.

415 2125 501 2191 66666
524 2119 848 2198 undecentesimo.
872 2117 981 2197 script
1002 2137 1021 2198 y
1040 2111 1103 2178 331
1126 2113 1241 2178 modom
1264 2113 1342 2178 enim
1362 2111 1429 2178 dnm
1452 2112 1583 2200 gentium
1605 2109 1739 2176 locorum
1761 2114 2024 2202 166666661ςηί-

412 2241 510 2308 ficatio
532 2238 629 2328 posita
649 2234 687 2301 66
710 2241 844 2300 ornamur
873 2231 1002 2322 pertinent
1022 2241 1073 2298 661
1093 2231 1250 2308 edoceas
1272 2231 1340 2318 qnia
1368 2232 1420 2296 uir
1450 2230 1510 2295 666
1538 2249 1653 2316 666666
1674 2229 1802 2319 contigit
1828 2242 1879 2295 aut
1908 2232 2024 2300 tandem

410 2382 467 2451 pro
497 2356 645 2447 expletina
665 2353 810 2445 particula
832 2359 877 2418 ost
898 2351 930 2416 F
946 2354 1028 2418 idem
1059 2353 1179 2419 exhibet
1201 2351 1305 2419 Carisi
1327 2352 1410 2435 qood
1428 2368 1490 2432 pro
1513 2347 1629 2412 166666
1661 2348 1737 2413 enirn
1759 2351 1849 2416 loiret
1878 2350 2023 2418 interdurn

410 2480 488 2545 enim
510 2485 537 2544 61
556 2494 616 2560 pro
638 2483 688 2540 ant
709 2473 756 2547 Q:
778 2475 830 2537 661
850 2469 976 2536 166666.
1019 2469 1084 2534 464
1105 2469 1338 2536 similitudineF
1359 2465 1583 2559 6166166660
1602 2487 1686 2534 corr.
1707 2478 1811 2536 omnen
1832 2469 2025 2538 similitudino.

410 2597 510 2667 6513
531 2593 610 2682 qnod
623 2588 747 2657 dicendo
762 2595 959 2678 praeoccupat
969 2587 1028 2654 FC
1046 2585 1109 2654 518
1130 2589 1320 2678 intellegeres
1333 2587 1387 2657 FC
1405 2587 1470 2655 630
1490 2597 1520 2652 61
1541 2583 1624 2652 deest
1645 2607 1730 2672 quam
1752 2586 1799 2652 uel
1822 2609 1906 2673 quem
1928 2591 2024 2656 locoru

410 2715 549 2785 6166166
571 2736 579 2776 :
603 2711 672 2775 urbs
695 2729 720 2772 c.
743 2729 771 2792 q.
793 2727 817 2770 s.
840 2705 900 2772 FC
918 2709 947 2786 (e
969 2705 1164 2790 Gottioqensi
1185 2710 1315 2776 editione
1336 2706 1501 2776 Ftddeosiu
1523 2709 1712 2790 scripturam
1735 2711 1869 2786 661661.)
1892 2707 1953 2774 561
1976 2733 2025 2773 ar-

413 2831 491 2900 oedit
512 2833 598 2896 etiam
619 2827 793 2892 seminarum
815 2823 993 2891 uerecundia
1013 2821 1077 2890 FC.

538 2947 680 3037 Explicui
717 2943 812 3010 66666
849 2945 1062 3034 scripturorum
1097 2961 1116 3008 a
1143 2939 1285 3010 Fnidensi
1311 2950 1341 3008 et
1367 2941 1543 3010 cassellauo
1573 2943 1771 3012 exhibitarum
1801 2950 2025 3036 congruentiam

414 3079 540 3138 tantum:
562 3089 579 3133 6
601 3063 894 3151 diuersitate,·qnam
913 3083 992 3128 nnuc
1013 3061 1234 3153 proponendam
1256 3061 1450 3148 66661666,
1472 3085 1511 3129 no
1532 3061 1598 3150 qnis
1619 3063 1741 3131 efficere
1762 3065 1854 3151 uelit,
1877 3066 2027 3137 diuersum

414 3212 482 3257 esse
508 3186 712 3255 Casuellanum
741 3182 924 3249 aFnldeusi
952 3190 981 3247 et
1001 3182 1105 3248 iudicii
1130 3182 1167 3249 de
1195 3184 1282 3249 Petri
1312 3183 1450 3249 Danielis
1479 3181 1669 3274 neglegentia
1696 3186 1733 3249 66
1761 3186 1932 3273 aequalibus
1965 3188 2029 3255 riuos

414 3310 484 3375 lacti
514 3306 702 3374 seueritatem
725 3312 754 3369 et
775 3324 810 3367 66
832 3304 862 3367 in
884 3302 1055 3368 memoriam
1076 3322 1204 3384 666666,
1233 3322 1310 3389 6666
1338 3302 1375 3368 66
1402 3300 1542 3369 editionis
1572 3304 1656 3368 illins
1687 3304 1808 3393 origine
1837 3304 2026 3373 Burmannus

413 3427 548 3495 narrauit
567 3427 599 3489 iu
620 3420 829 3517 praefatione:
859 3420 968 3511 ‚Culpa
989 3442 1084 3503 uero,
1106 3444 1162 3508 qna
1184 3420 1311 3488 uitiosae
1323 3420 1398 3487 adeo
1413 3420 1581 3511 prodierint
1591 3422 1648 3486 666
1661 3422 1698 3487 P.
1715 3423 1852 3489 Danielis
1869 3426 2027 3505 editiones,

412 3542 608 3613 adscribenda
627 3552 673 3610 est
683 3537 889 3631 negligentiae
903 3541 1119 3631 quogrnplri,
1142 3544 1171 3605 et
1187 3540 1369 3607 correctoris
1385 3541 1480 3631 inepti
1492 3542 1693 3630 ignorantiae,
1710 3563 1775 3607 cnm
1796 3542 1860 3632 ipse
1867 3544 1903 3610 P.
1916 3544 2028 3609 Daniel

411 3679 480 3733 tunc
502 3661 671 3731 domesticis
692 3661 823 3749 negotiis
844 3669 874 3725 et
893 3660 994 3725 litibus
1015 3658 1148 3726 molestis
1169 3668 1329 3750 occupatus
1348 3659 1507 3726 editionem
1530 3668 1632 3725 curate
1646 3658 1802 3727 emendare
1831 3643 2030 3751 inpediretur,

411 3802 586 3869 nonamque,
608 3800 693 3869 qnam
715 3778 788 3845 darc
808 3780 1004 3869 cogitauerat,
1025 3788 1122 3845 morto
1142 3786 1320 3870 praeuentus
1342 3787 1567 3845 recertanenou
1580 3780 1732 3869 potuerit‘
1776 3780 1910 3847 Primum
1932 3780 2029 3848 dicam

412 3902 449 3970 66
470 3901 629 3991 scripturis
658 3920 732 3986 qnae
760 3916 923 3986 66666666
951 3896 1111 3965 dissimiles
1140 3906 1211 3966 snut
1230 3898 1342 3985 aliquid
1362 3893 1460 3964 tamen
1480 3896 1591 3963 666661
1611 3898 1829 3965 similitudinis:
1850 3905 1882 3963 nt
1902 3898 2026 3965 multum

412 4022 523 4089 faciant
543 4014 581 4085 ad
602 4016 740 4084 Danielis
761 4016 980 4107 neglegentiam
1003 4022 1085 4082 recte
1105 4016 1324 4084 aestimandum.
1367 4015 1390 4081 4
1410 4018 1460 4104 qui
1481 4039 1576 4083 sano
1596 4019 1709 4106 primus
1731 4019 1764 4083 F
1781 4040 1874 4084 saue
1895 4020 1945 4104 qui
1966 4020 2029 4107 pri-

412 4162 476 4208 mns
500 4142 524 4208 G
550 4142 584 4206 in
612 4128 743 4222 utroque
772 4158 844 4203 sano
875 4136 1015 4203 6661166
1044 4147 1071 4202 61
1100 4157 1157 4203 sno
1186 4140 1309 4221 quidem
1329 4140 1394 4203 loco
1415 4140 1452 4204 to
1473 4137 1498 4204 C
1521 4136 1560 4202 11
1588 4158 1684 4219 onore
1703 4139 1736 4204 F
1752 4159 1863 4219 οιμοις
1885 4134 2030 4206 Currit:

412 4262 537 4344 θνμόις
559 4257 745 4323 14166116
768 4252 928 4321 rebellanit
948 4256 980 4322 F
997 4254 1120 4321 tertio
1143 4254 1293 4321 66616661
1315 4254 1517 4349 0666666661
1538 4266 1711 4322 correctum
1731 4264 1784 4322 est.
1813 4221 1960 4325 161661.
1983 4268 2030 4324 tor

391 4376 455 4444 *28
482 4384 607 4468 propter
636 4370 809 4441 Dardanum
837 4372 978 4441 Electrae
1004 4374 1119 4465 pellicis
1147 4375 1239 4441 lilium
1267 4397 1286 4440 a
1314 4395 1373 4463 666
1404 4376 1529 4463 origo
1558 4372 1737 4441 Troiana
1758 4374 1972 4443 deducitur
2001 4378 2034 4443 F

412 4496 522 4563 ledere
542 4498 583 4562 66
612 4498 731 4563 editore
753 4494 948 4578 Gottinqensi
969 4496 1071 4561 didici.
1115 4517 1143 4584 p.
1162 4494 1205 4560 D.
1225 4493 1385 4559 Elaectrae
1412 4491 1535 4582 paelicis
1557 4490 1650 4557 6666
1672 4492 1720 4562 661
1740 4502 1865 4586 propter
1885 4496 2028 4562 iudicium

412 4613 526 4701 paridis
547 4613 626 4701 quod
648 4613 782 4681 omnibns
802 4620 905 4681 notum
927 4622 972 4679 est
995 4613 1020 4680 G
1038 4632 1119 4707 quoe
1140 4610 1348 4680 iodeulilium
1369 4613 1481 4678 deleuit
1501 4635 1520 4696 y
1541 4618 1571 4676 ct
1585 4616 1803 4697 momentaria
1823 4612 2030 4681 filiaeatlrlan·

413 4733 453 4797 tis
475 4731 568 4797 lilium
589 4756 607 4798 6
629 4753 686 4820 666
709 4732 830 4820 origo
862 4730 1026 4797 troiana
1054 4730 1274 4799 deducitur.
1303 4728 1345 4799 28
1367 4750 1443 4820 ergo
1464 4728 1606 4796 irascitur
1624 4729 1705 4797 Juno
1728 4733 1806 4819 qnod
1826 4755 1889 4798 uon
1910 4733 1948 4798 ob
1970 4734 2029 4799 666

413 4858 524 4918 annu
545 4858 649 4938 raptus
669 4852 721 4936 sit,
744 4858 777 4917 ut
799 4848 917 4916 diuinos
938 4850 1070 4917 honores
1092 4859 1325 4939 consequeretur
1345 4860 1377 4916 ut
1388 4846 1497 4939 pocula
1508 4848 1704 4934 ministraret,
1726 4850 1780 4917 sed
1797 4850 1877 4939 6666
1898 4845 2030 4917 uiolatus

412 4970 462 5054 sit,
486 4977 518 5035 61
540 4966 658 5035 diuinos
679 4970 813 5053 lrouores
836 4978 1072 5054 consequeretur
1099 4972 1131 5037 F
1147 4970 1228 5037 idem
1249 4970 1369 5037 6661661
1393 4970 1498 5036 Carisi
1519 4972 1602 5053 qaod
1630 4980 1662 5034 nt
1690 4968 1717 5035 6.
1740 4971 1769 5037 6.
1798 4980 2031 5056 consequeretur

410 5098 482 5171 pest
511 5096 613 5179 raptus
641 5086 681 5152 sit
709 5090 858 5157 collocuta
886 5092 995 5156 omittit
1024 5100 1052 5157 et
1082 5100 1153 5167 6616
1183 5086 1311 5153 uiolatus
1341 5092 1429 5154 66661
1451 5082 1529 5153 ideo.
1572 5088 1616 5155 42
1644 5090 1686 5154 ita
1714 5100 1746 5154 nt
1774 5092 1789 5122 ⁸
1820 5089 1905 5156 Iouis
1934 5090 2033 5155 Fica

414 5216 446 5271 nt
468 5214 512 5273 est
534 5208 617 5275 louis
641 5204 728 5276 642
750 5206 843 5275 nctus
865 5207 945 5275 inter
973 5228 1047 5295 quos
1077 5206 1224 5296 (quaed)
1256 5208 1346 5275 ctiam
1373 5207 1515 5276 Minerua
1545 5217 1591 5275 est
1620 5208 1697 5274 sicut
1726 5228 1818 5297 snpra
1848 5206 1958 5275 dictum
1990 5220 2036 5275 est
