5017 6225
1300 723 1334 796 8

1216 811 1418 825 -ιιο-ι

510 896 617 961 raetici
637 895 673 961 de
694 897 786 962 leude
807 894 958 962 caueret
979 892 1175 977 imperatoris
1196 913 1225 958 u.
1243 894 1356 964 1-22.
1399 894 1572 984 Sequuntur
1593 896 1687 986 ipsius
1709 896 1850 962 carminis
1872 895 1910 962 de
1931 896 2020 964 leude
2040 901 2121 967 Aue·

512 1013 599 1080 elesii
621 1013 823 1102 imperatoris,
847 1009 923 1101 quod
946 1033 963 1076 e
986 1010 1091 1078 codice
1113 1011 1182 1076 elim
1205 996 1352 1081 Bohieusi
1373 1035 1453 1080 nunc
1472 1012 1706 1081 Uindobonensi
1726 998 2120 1089 affutsstcdffl‘iffi

509 1131 636 1219 primum
673 1131 767 1198 edidit
794 1129 1015 1214 Endlicherus,
1052 1129 1173 1197 1-44:
1210 1131 1241 1196 iu
1272 1134 1378 1221 quibus
1406 1131 1458 1198 uhi
1485 1130 1609 1198 recedat
1636 1131 1805 1198 Berneusis
1835 1155 1855 1200 e
1884 1135 2117 1205 Uindohouensi

511 1250 584 1316 uolo
606 1249 793 1336 significare,
817 1249 894 1337 quud
916 1248 1028 1316 nullam
1052 1270 1177 1339 prorsus
1200 1251 1272 1317 inde
1299 1251 1458 1316 utilitatem
1488 1250 1527 1317 ad
1555 1249 1770 1318 emendandum
1801 1273 1924 1319 carmen
1946 1255 2120 1324 redundare

508 1367 595 1434 uideo
609 1407 653 1418 -
669 1369 783 1436 Uersus
799 1374 900 1437 suncti
915 1370 1069 1434 lobannis
1092 1371 1243 1452 baptistae
1260 1407 1302 1418 --
1317 1369 1480 1436 Hlotbom‘i
1500 1389 1621 1437 uersus.
1665 1371 1722 1436 llis
1746 1372 1882 1438 uersibus
1905 1371 1962 1437 duo
1986 1395 2120 1464 compre·

511 1488 680 1554 heudontur
701 1489 833 1554 carmina
853 1489 885 1552 in
907 1485 1027 1551 laudem
1048 1486 1204 1554 Hlotharii
1226 1488 1438 1577 imperatoris:
1460 1489 1585 1555 ultorum
1600 1488 1737 1555 distichis
1760 1489 1905 1578 elegiacis
1927 1493 2120 1581 compositum

509 1607 631 1696 incipit:
669 1607 739 1673 lter
776 1610 889 1691 pietate
923 1609 998 1690 cipit
1033 1617 1157 1673 reostros
1183 1611 1327 1673 moserata
1358 1609 1478 1674 labores
1508 1607 1635 1674 alterum
1663 1616 1761 1674 metro
1791 1609 1935 1699 sapphico
1965 1611 2120 1700 scriptum:

508 1726 650 1794 Hauriat
680 1724 798 1792 Caesar
825 1727 948 1807 cupieos
978 1725 1135 1808 oraturus.
1178 1725 1265 1791 Haec
1295 1724 1353 1790 duo
1383 1727 1516 1792 carmina
1544 1727 1641 1792 adhuc
1669 1727 1701 1793 ni
1727 1725 1822 1793 fallor
1840 1727 1957 1793 inedita
1983 1737 2052 1794 sunt
2080 1765 2123 1778 -

510 1841 653 1910 Carmina
675 1841 820 1909 nonnulla
842 1841 968 1908 'Pedoni
990 1842 1255 1931 Mediolanensi*)
1286 1845 1441 1936 episcopo,
1463 1846 1513 1933 qui
1537 1846 1634 1912 altera
1659 1847 1773 1912 saeculi
1792 1847 1867 1912 noni
1895 1854 1980 1936 parte
2006 1847 2118 1929 floruit,

511 1961 656 2054 iuscripta
686 1969 717 2028 et
746 1960 783 2025 ab
814 1960 899 2049 ipso,
930 1962 979 2048 qui
1007 1961 1141 2028 codicem
1172 1964 1310 2054 scripsit,
1339 1965 1486 2031 monacho
1523 1964 1656 2031 condita.
1707 1963 1742 2029 ld
1780 1965 1859 2053 quod
1887 1975 1918 2030 et
1955 1965 2121 2056 scripturae

509 2081 704 2150 similitudine
726 2078 874 2144 euiucitur
897 2090 928 2145 et
951 2083 1180 2158 correctionum,
1204 2105 1277 2169 quas
1299 2087 1431 2149 carmine
1452 2082 1506 2147 illa
1527 2084 1564 2146 ab
1581 2083 1684 2149 eadem
1699 2105 1789 2148 manu
1808 2090 1935 2172 experta
1957 2094 2028 2151 sunt
2042 2107 2121 2174 amp·

1347 2215 1443 2252 emen.
1675 2205 1790 2252 csrntna
1807 2211 1919 2255 artent.

509 2270 647 2359 titudine,
671 2267 753 2332 cuius
775 2264 851 2330 haec
872 2288 954 2356 pono
978 2265 1134 2355 exempla:
1156 2274 1318 2358 praepetes
1341 2269 1434 2356 penui
1457 2266 1594 2333 uolucres
1613 2265 1626 2331 l
1648 2288 1729 2332 nunc
1749 2269 1930 2358 philomelae
1951 2307 1993 2318 -
2023 2272 2126 2338 saecla

523 2399 600 2451 leuge
616 2397 714 2440 metens
1136 2391 1159 2436 ts
1177 2390 1284 2446 pturtnru
1303 2392 1369 2438 derue
1387 2390 1443 2436 ente

506 2461 606 2524 lutura
630 2454 734 2520 uidens
756 2489 797 2503 ·-
819 2451 972 2542 spondens
995 2451 1151 2540 agricolae
1173 2453 1295 2519 uincere
1316 2475 1408 2543 posse
1431 2456 1542 2518 famem
1568 2492 1613 2503 -
1640 2475 1698 2520 nes
1728 2452 1815 2519 decet
1843 2453 2008 2522 altithrono
2039 2449 2124 2524 ol'tes

507 2573 597 2642 modo
622 2583 635 2639 t
655 2593 734 2650 nunc
755 2573 824 2658 regi
847 2569 978 2636 reddere
1001 2579 1072 2636 uota
1093 2579 1105 2635 t
1128 2592 1184 2637 nos
1208 2571 1294 2637 decet
1315 2573 1479 2638 altithrono
1502 2575 1570 2664 regi
1594 2573 1682 2641 modo
1705 2573 1835 2640 reddere
1857 2575 1954 2642 uota‘.

633 2692 721 2757 llaec
743 2689 843 2757 omnia
866 2701 963 2755 autem
986 2689 1054 2756 ideo
1078 2702 1137 2758 tam
1160 2701 1300 2758 accurate
1321 2715 1368 2759 me
1390 2713 1534 2760 enecasse
1555 2694 1718 2776 sciendum
1731 2703 1788 2778 est,
1812 2692 1890 2782 quod
1912 2693 2033 2760 multum
2050 2695 2125 2759 faci-

509 2824 563 2880 unt
584 2813 624 2878 ad
646 2811 784 2902 patriam,
808 2817 947 2894 aetatem,
972 2811 1150 2898 scriptorem
1174 2809 1288 2878 codicis
1309 2812 1561 2900 cognoscendum.
1604 2813 1661 2878 [ist
1681 2814 1775 2902 igitur
1798 2812 1897 2879 codex
1918 2813 2122 2879 bibliothecae

510 2933 678 2998 tiernensis
698 2928 761 2994 363
793 2928 917 2993 elihris
938 2928 1116 3017 Bougarsii‚
1140 2932 1401 3015 membranaceus,
1431 2933 1548 2998 termae
1571 2931 1752 3019 quadratae,
1784 2931 1881 2997 medio
1912 2931 1979 2996 fera
2001 2932 2123 2997 saeculo

509 3073 592 3118 οοοο
623 3049 733 3117 litteris
766 3069 837 3137 quas
861 3045 963 3111 dicunt
992 3046 1242 3136 anglosaxonicis
1273 3052 1402 3141 scriptos
1431 3072 1449 3116 e
1478 3052 1624 3118 monacho
1656 3051 1830 3137 scotico**)
1860 3049 1892 3115 in
1920 3049 2125 3116 Lombardiae

507 3170 634 3259 «quodam
657 3168 851 3237 monasterio.
879 3167 1050 3255 Scriptura,
1073 3190 1148 3255 quae
1171 3170 1328 3235 uerborum
1351 3170 1536 3259 compendiis
1564 3170 1694 3236 abundat
1723 3168 1810 3235 ualde
1830 3166 1915 3234 rudis
1945 3181 1993 3234 est
2023 3181 2054 3233 et
2074 3169 2124 3233 in·

508 3290 641 3373 condita,
664 3290 843 3375 omninoque
866 3285 978 3352 codicis
1001 3288 1132 3353 conditio
1155 3288 1230 3355 sutis
1253 3286 1363 3377 dispar.
1408 3289 1484 3383 llam
1507 3312 1571 3355 cum
1594 3290 1730 3379 aprime
1753 3309 1846 3376 usque
1876 3286 1914 3351 ad
1945 3288 2123 3374 uigesimum

509 3410 630 3477 circiter
652 3408 758 3475 lolium
780 3406 819 3472 ad
842 3406 975 3473 tricenos
999 3408 1105 3494 quinos
1128 3428 1232 3473 uersus
1261 3409 1293 3471 iu
1316 3408 1446 3495 siugulis
1473 3408 1595 3498 paginis
1624 3407 1729 3497 scripti
1758 3408 1838 3492 sint,
1869 3406 1902 3471 in
1928 3404 2051 3471 relicuis
2083 3404 2121 3468 ad

406 3548 411 3557 ’
508 3532 735 3619 quinquagenes
759 3527 959 3592 inueniuntur.
1002 3524 1123 3590 Deinde
1145 3547 1208 3590 cum
1230 3526 1261 3590 in
1283 3527 1322 3593 iis
1345 3548 1420 3614 quae
1442 3525 1480 3592 ad
1502 3526 1639 3592 Seruium
1661 3527 1815 3615 pertinent
1843 3524 1929 3591 foliis
1952 3532 2121 3616 pertatem

509 3652 639 3739 paginae
661 3646 847 3712 latitudinem
871 3664 975 3710 uersus
998 3645 1220 3709 continuauerit
1241 3642 1394 3729 librarius,
1416 3646 1448 3711 in
1469 3645 1592 3712 relicois
1613 3645 1746 3734 paginae
1766 3644 1904 3710 bifariam
1916 3643 2033 3709 diuisae
2044 3657 2124 3708 sunt.

509 3769 670 3835 Librarius
693 3768 749 3831 tuit
770 3766 861 3829 homo
884 3763 1172 3851 neglegentissimus
1203 3776 1233 3828 et
1262 3762 1368 3829 codice
1397 3786 1467 3831 usus
1496 3776 1544 3831 est
1573 3763 1653 3830 haud
1682 3766 1811 3854 optimae
1839 3774 1942 3831 notae.
1986 3762 2062 3828 Nam
2095 3774 2127 3826 ot

510 3880 693 3953 innumeram
718 3885 858 3950 uitiorum
888 3884 920 3947 io
950 3882 1079 3968 siugulis
1109 3884 1210 3948 uerbis
1239 3881 1408 3949 scribendis
1438 3886 1661 3951 commissorum
1681 3882 1898 3950 multitudinem
1921 3891 2034 3947 taceam
2056 3902 2126 3970 per·

510 4008 613 4091 oculta,
631 4027 705 4094 quae
728 4002 878 4069 breuioris
899 4000 1001 4067 Seruii
1023 4002 1225 4081 recensionis,
1248 4024 1334 4088 quam
1355 4014 1567 4092 repraesentet
1582 4002 1690 4087 codex,
1713 4025 1781 4069 csse
1802 4002 1907 4068 relicui
1931 4001 2017 4065 huius
2040 4000 2127 4065 iami-

511 4128 572 4192 liae
603 4126 671 4191 libri
702 4122 926 4204 demonstrant,
956 4120 1068 4186 omissa
1090 4130 1167 4186 suut.
1212 4120 1303 4187 Unde
1324 4122 1435 4187 lectum
1458 4129 1522 4206 est,
1553 4132 1584 4187 ut
1604 4143 1693 4186 uuam
1715 4132 1828 4186 tanturn
1850 4119 2017 4209 receperim
2039 4118 2127 4184 huius

504 4246 622 4310 codicis
646 4246 843 4333 scripturam,
876 4248 1021 4327 quaeest
1048 4238 1086 4305 ed
1108 4260 1136 4305 ιι.
1160 4236 1221 4305 164
1244 4240 1430 4323 ,iaciebant‘.
1473 4240 1551 4307 Nem
1574 4240 1760 4325 ,umbracula
1781 4259 1926 4328 quaerere
1950 4237 1987 4303 de
2010 4234 2128 4326 frondi*-

512 4367 578 4430 bus‘
601 4386 664 4427 uon
685 4372 755 4452 poto
778 4372 847 4451 apte
869 4359 938 4427 dici.

637 4480 849 4545 blemorabiles
872 4486 1066 4546 contraeunt
1087 4486 1176 4545 nome
1197 4478 1234 4545 ab
1257 4477 1358 4543 eodem
1388 4479 1439 4564 qui
1465 4478 1593 4544 codicem
1625 4478 1761 4543 exarauit
1790 4478 1921 4567 margini
1952 4474 2128 4566 adscriptae.

512 4608 682 4688 llumnquam
704 4598 780 4663 hand
802 4620 911 4688 paucas
935 4620 1033 4666 earum
1055 4620 1101 4665 rue
1121 4620 1182 4665 non
1204 4619 1294 4689 posse
1315 4597 1467 4687 explicare
1488 4597 1583 4663 libere
1604 4597 1710 4663 fateor.
1752 4596 1856 4667 Ueluti
1886 4618 1959 4683 quae
1985 4616 2128 4686 persaepe

552 4878 572 4945 ⁸)
596 4884 632 4929 'l'e
651 4882 725 4928 neeeu
742 4876 885 4925 umbrosius
903 4876 997 4925 domiui
1014 4878 1102 4922 dernns
1122 4908 1234 4925 .....
1255 4878 1332 4924 setes
1351 4878 1358 4920 Ι
1376 4907 1384 4922 .
1403 4908 1410 4922 .
1429 4906 1436 4921 .
1456 4910 1463 4922 .
1482 4876 1540 4922 tude
1558 4880 1616 4921 tuns
1634 4881 1658 4921 te
1676 4875 1918 4922 contentiosius.

544 5016 577 5081 ⁸⁰)
596 5018 744 5065 menschen
765 5013 886 5061 scenicum
905 5012 1040 5059 tlersrturn.
1052 5011 1134 5057 tuisse
1151 5019 1176 5057 et
1194 5014 1297 5069 gtessse
1323 5012 1493 5057 temeuetreut
1511 5011 1730 5066 montemontano
1747 5022 1812 5066 oues
1829 5010 1934 5068 sceptus
1958 5005 2048 5053 otutee
2071 5010 2131 5049 seer

596 5102 622 5149 tn
641 5102 728 5151 codice
746 5104 770 5149 et
787 5098 815 5147 ul
831 5108 939 5147 verere:
960 5096 1053 5153 cotttge
1071 5096 1226 5153 scottigenae
1243 5099 1389 5153 speculetur
1406 5096 1497 5152 eetttge
1514 5099 1610 5153 sepner

897 5214 909 5245 ,
913 5212 1054 5237 .....
1073 5181 1135 5237 unet
1153 5180 1311 5239 omnipotens
1329 5181 1421 5237 eettlss
1438 5182 1595 5239 scottigenae
