5017 6225
1272 761 1327 831 lo

1203 843 1406 860 Μ

495 953 525 1004 et
546 956 658 1018 eorum,
681 933 731 1021 qni
751 932 876 1021 primurn
898 939 1051 1016 utromque
1065 927 1198 995 nodieern
1219 935 1418 996 correxerunt
1438 948 1542 994 nnus
1563 927 1591 994 si
1605 946 1669 994 non
1682 947 1772 1017 peres
1794 937 1826 994 ut
1847 929 2017 1005 simillime
2038 945 2122 1002 neree

499 1063 569 1122 sunt
590 1053 686 1120 altere
707 1051 806 1126 elteri,
830 1058 859 1116 et
879 1051 911 1116 iu
934 1049 1090 1136 utriusque
1111 1046 1225 1118 codicis
1245 1047 1384 1134 margine
1414 1046 1534 1138 saepius
1563 1047 1683 1135 siguum
1712 1047 1822 1136 pistoru
1841 1038 1900 1115 ‚est
1920 1071 1938 1114 e
1957 1051 1999 1133 N,
2023 1051 2064 1136 0,
2086 1055 2118 1120 Τ

498 1173 617 1257 litteris,
639 1172 746 1259 quibus
767 1169 798 1236 A
820 1188 1028 1255 nonnunquam
1050 1165 1181 1248 additur,
1202 1164 1368 1236 sufficione
1388 1166 1467 1230 inter
1487 1187 1521 1230 se
1542 1166 1652 1231 iuuetis
1673 1165 1844 1234 formatum.
1882 1166 2003 1238 Eodem
2024 1193 2118 1261 prue-

498 1302 582 1358 teren
603 1289 713 1356 citandi
735 1289 826 1377 signo
849 1295 970 1353 utuntur
985 1307 1001 1350 c
1017 1295 1046 1352 et
1068 1286 1089 1350 l.
1111 1285 1258 1352 Furens
1279 1283 1372 1372 igitur
1387 1281 1465 1349 ulter
1478 1282 1649 1368 Fuldensis,
1673 1304 1757 1370 quern
1770 1283 1966 1357 Frenoisonnn
1979 1288 2118 1358 Muttines

499 1409 682 1500 aliquotiens
703 1408 883 1488 nominasse,
905 1428 925 1472 e
945 1406 1106 1471 Duebnero
1130 1401 1232 1486 didici,
1254 1402 1392 1468 inuentus
1413 1409 1469 1468 est.
2013 1463 2016 1472 ,

625 1527 682 1594 llis
703 1539 801 1592 nuum
822 1525 921 1590 tribus
940 1523 1094 1594 codicibus
1106 1524 1149 1590 itu
1165 1544 1234 1588 usus
1249 1543 1326 1604 nnn,
1349 1529 1381 1588 ut
1395 1519 1436 1586 ud
1456 1519 1631 1588 Cussellnui
1648 1522 1858 1592 nuntoeitsten
1873 1544 1959 1610 qoem
1975 1528 2123 1614 proxime

499 1669 547 1712 ne
566 1645 758 1735 adplicarem.
801 1642 909 1730 Aque
936 1645 1017 1710 rotie
1033 1641 1107 1712 ¹solu
1127 1663 1176 1708 me
1198 1641 1334 1708 alienare
1353 1639 1461 1730 potnit.
1505 1638 1608 1708 Ueloti
1637 1639 1669 1705 in
1698 1661 1787 1707 neno
1807 1662 1828 1708 e
1846 1640 2002 1710 Pseudolo
2023 1645 2118 1712 Plen-

501 1766 566 1832 tine
586 1763 624 1830 ed
647 1785 675 1828 u.
699 1761 762 1828 140
783 1784 802 1826 a
826 1759 936 1827 Servio
959 1761 1115 1828 numiueto
1137 1757 1313 1851 Lipsiensis
1341 1758 1445 1848 recepi
1472 1756 1667 1847 scripturum:
1697 1779 1738 1826 ex
1767 1780 1805 1830 es
1835 1761 2027 1829 eninrnenro
2048 1764 2118 1830 inli-

508 1883 631 1950 tinbitur
646 1895 743 1950 ortem
766 1901 835 1950 esse
858 1877 1030 1947 Cessellnni
1051 1880 1260 1960 memorienn‚.
1277 1899 1353 1965 quoe
1375 1876 1539 1967 ipse-nibil
1560 1877 1654 1946 babet
1680 1898 1740 1964 quo
1756 1878 1999 1947 -oennrendetne
2040 1881 2119 1949 Nnnr

502 2002 560 2068 etsi
582 2000 729 2090 proeliuis
752 2021 821 2068 esse
843 1998 980 2066 uidentur
1003 1997 1193 2082 emendatio,
1218 2018 1293 2084 quse
1314 2003 1363 2063 est
1382 1993 1451 2061 Nisi
1471 1998 1551 2079 {orte
1574 2006 1608 2062 tu
1629 1998 1941 2084 oliqoenodetreuisti
1963 2019 2118 2068 currerem

505 2132 591 2188 tuom
614 2121 752 2193 domum,
776 2125 873 2184 temen
897 2127 928 2187 nt
949 2117 1010 2185 eliu
1031 2118 1146 2214 mittens
1167 2137 1264 2205 neque
1294 2135 1457 2198 ‚enroeren
1479 2112 1668 2202 defringere’
1696 2114 1792 2182 latine
1823 2116 1932 2184 disten
1954 2130 2021 2200 est,
2043 2132 2120 2188 ¹ete

499 2240 644 2306 nemoris
675 2237 865 2314 nominauit
878 2257 996 2304 uersu·
1027 2235 1110 2304 illurn
1139 2234 1275 2306 Seruius.
1326 2229 1521 2300 Ciceroniuni
1548 2253 1662 2320 qnoque
1691 2234 1829 2302 oratoris
1859 2237 1953 2305 unsa
1979 2237 2028 2304 sd.
2059 2237 2121 2305 1⁷6

500 2359 673 2428 nominasse
696 2356 835 2422 Seruium
864 2355 996 2446 adpetet
1024 2354 1093 2421 libri
1121 2352 1203 2426 illius
1232 2352 1370 2442 exemplo
1399 2371 1466 2418 non
1492 2352 1639 2442 inspecto.
1687 2352 1776 2420 Unde
1805 2355 1899 2423 uerba
1926 2354 1983 2422 ille·
2008 2358 2122 2425 intuetu

498 2476 671 2564 relinquere
692 2475 781 2542 rnnlni
801 2497 887 2564 quern
911 2474 981 2542 dere
1003 2472 1083 2561 quod
1103 2473 1136 2538 in
1159 2471 1319 2540 Ciceronis
1340 2471 1452 2561 legitor
1472 2469 1666 2539 editionibus:
1686 2471 1748 2542 Sed
1769 2477 1852 2558 qewd
1871 2477 2005 2542 edoceto
2026 2477 2121 2544 buius

497 2599 696 2663 nutrimentis
712 2599 892 2680 eloquentia,
913 2598 984 2679 ipso
998 2613 1029 2661 se
1042 2603 1152 2678 posteo
1173 2594 1304 2660 coloret.
1339 2591 1376 2658 lu
1395 2587 1499 2657 Clodii
1519 2590 1621 2658 uerbis
1642 2589 1682 2656 sd
1703 2613 1732 2658 n.
1751 2590 1815 2664 176
1834 2591 1965 2660 inuidis
1986 2612 2009 2658 o
2030 2596 2121 2679 tonui

497 2716 604 2798 [omits
626 2725 755 2798 areum
786 2713 975 2785 scribendum
1006 2735 1076 2781 esse
1106 2733 1155 2780 sne
1184 2711 1384 2802 probabiliter
1413 2710 1582 2780 coniecisse
1612 2709 1751 2795 Plinius,
1783 2733 1869 2799 quern
1898 2711 2119 2779 emendationis

499 2850 585 2900 mese
608 2841 767 2922 patronoue
788 2834 940 2902 exsistere
963 2831 1056 2917 uolui,
1077 2832 1235 2922 probabit3
1264 2831 1304 2898 in·
1322 2830 1419 2900 tenen
1440 2838 1539 2896 entem
1562 2840 1721 2918 oorrnptse
1743 2828 1918 2898 casselleni
1940 2831 2119 2921 scripturae,

502 2973 577 3040 ques
600 2964 647 3020 est
667 2957 795 3034 ‚renutet
817 2952 896 3042 quod
919 2974 1061 3042 gruson
1083 2973 1185 3023 nocens
1209 2945 1336 3020 soonnd
1356 2948 1516 3024 substitui,
1537 2969 1625 3015 nenne
1646 2948 1839 3038 uitupernbit.
1882 2949 1961 3016 Nnrn
1976 2948 2116 3019 Clodium

498 3071 581 3139 illum
605 3071 731 3139 eunden
756 3094 824 3141 esse
846 3093 911 3139 eum
935 3069 1045 3139 Clodio
1069 3071 1174 3139 Tusuo
1197 3069 1270 3137 mihi
1290 3067 1438 3160 persurnsi.
1483 3064 1542 3141 Qui
1564 3066 1714 3133 Uarronis
1736 3078 1873 3157 tompore
1896 3068 1982 3137 uixit.
2014 3070 2119 3137 Sinni·

501 3212 549 3259 nnu
571 3190 751 3282 Capitonem
774 3194 853 3267 enin
874 3193 993 3262 ostenae
1008 3191 1143 3266 ‚edesse
1159 3190 1280 3261 dedisse
1302 3187 1420 3256 Gellius
1440 3194 1546 3257 nsunt
1559 3184 1650 3251 Nost.
1671 3189 1734 3253 stt.
1756 3185 1799 3270 V,
1820 3187 1872 3255 20.
1887 3224 1931 3239 ·-·
1951 3188 2118 3254 Praeterea

500 3309 632 3377 lectores
653 3311 732 3379 scire
753 3312 844 3397 nolo,
867 3334 915 3379 ure
937 3334 974 3379 ea
996 3332 1072 3401 quae
1094 3321 1126 3379 et
1154 3312 1187 3377 in
1209 3307 1365 3398 Lipsiensi
1392 3313 1427 3371 et
1452 3306 1486 3369 in
1513 3304 1668 3372 Bernensi
1694 3304 1903 3383 desiderentur
1932 3308 2016 3374 nucis
2045 3328 2118 3393 qun-

501 3428 596 3497 drntis
624 3431 806 3507 includenda
835 3452 968 3509 eurem.
1013 3427 1132 3500 Contra
1147 3449 1230 3517 unes
1252 3429 1287 3493 in
1317 3424 1385 3493 selo
1407 3422 1561 3493 Bernensi
1582 3420 1693 3504 desunt
1720 3425 1753 3491 in
1780 3423 1980 3496 adnotatione
2011 3426 2118 3493 critice

502 3549 683 3637 signilicuni.
727 3552 864 3641 Denique
886 3574 964 3643 quoe
987 3552 1019 3619 in
1043 3546 1223 3617 Cnssellauo
1246 3567 1310 3613 non
1330 3551 1418 3628 sunt,
1449 3564 1486 3609 en
1513 3541 1638 3610 etinnesi:
1659 3549 1692 3609 et
1723 3558 1878 3616 corrector
1906 3544 2058 3613 addiderit
2087 3559 2119 3611 et

503 3667 610 3737 relicui
631 3669 700 3739 libri
722 3672 905 3756 exhibeant,
928 3671 961 3737 in
983 3672 1142 3740 uerborum
1162 3666 1393 3736 continuitatem
1412 3663 1549 3751 resipere
1569 3660 1665 3729 nolui.

1088 4037 1542 4093 wem
