5017 6225
1265 795 1299 866 4

1180 883 1381 898 *aa

476 965 643 1036 dtrussatl
665 966 791 1036 Crosel
813 983 908 1051 apter.
929 975 1096 1063 porcator.
1125 1001 1168 1016 -·-
1197 965 1443 1056 corruptelarum
1471 961 1583 1032 ddude
1612 967 1729 1055 utrique
1744 964 1855 1037 ‚aaa
1883 967 2080 1037 communium

389 1155 394 1164 ,
472 1085 659 1154 incredibilis
681 1093 728 1154 est
750 1083 916 1152 multitado.
958 1082 989 1149 6.
1017 1085 1142 1172 primum
1164 1083 1258 1152 italos
1286 1084 1429 1173 quosdam
1457 1086 1506 1173 qui
1535 1083 1725 1174 appellantur
1753 1085 1786 1151 F
1809 1085 1934 1176 primm
1964 1086 2077 1183 italiam

472 1205 661 1294 appellantur
684 1205 818 1272 Oitalos
834 1201 974 1290 quosdam
998 1203 1048 1290 qui
1070 1203 1261 1293 appellantur
1282 1225 1363 1271 corr.
1383 1225 1403 1290 y
1423 1206 1520 1271 tend:
1550 1203 1674 1292 primum
1695 1203 1813 1270 ltaliam
1834 1206 1968 1270 tenuisse
1988 1227 2078 1293 quus·

470 1322 537 1390 dam
559 1324 607 1412 qoi
630 1324 865 1415 appellabantur.
907 1320 929 1388 8
950 1324 1071 1388 uomina
1092 1321 1146 1389 Fa
1165 1325 1264 1390 solih:
1294 1324 1417 1389 nomina
1445 1321 1487 1389 17
1507 1313 1577 1388 ant
1597 1323 1659 1389 τοῦ
1676 1318 1777 1389 θύειν
1802 1323 1857 1390 FC
1875 1327 1974 1390 rond:
2007 1318 2078 1390 ἀπὸ

467 1445 527 1508 τοῦ
548 1438 649 1510 θείου
692 1441 735 1508 42
762 1452 820 1506 tum
850 1439 951 1529 posuit
979 1441 1033 1506 FC
1051 1442 1149 1507 rond:
1179 1463 1242 1506 non
1262 1443 1374 1532 posuit.
1403 1440 1467 1507 147
1485 1444 1624 1529 sequenti
1654 1442 1686 1508 F
1702 1452 1873 1529 sequentem
1895 1442 2079 1530 Gsequenti

468 1578 550 1628 corr.
571 1584 591 1646 y
611 1563 710 1627 sarth:
730 1570 875 1646 sequente
900 1559 961 1624 157
982 1559 1159 1625 saltationes
1182 1563 1214 1628 F
1238 1549 1439 1626 salutationes
1462 1559 1604 1626 Garrah·
1631 1560 1780 1626 sudores
1804 1559 1865 1626 159
1886 1560 1992 1627 melius
2019 1559 2077 1627 FC

469 1680 568 1744 sorlh:
599 1679 723 1744 medium
757 1676 819 1742 176
839 1679 974 1743 fomenta
1002 1677 1100 1744 taleae
1129 1677 1182 1745 FC
1210 1651 1309 1764 sarth}
1338 1680 1461 1745 fomites
1488 1677 1614 1744 astulae.
1654 1680 1765 1763 (neque
1795 1683 1877 1746 enim
1904 1683 2077 1764 fomentant

468 1799 547 1863 iden
569 1801 720 1884 significat
742 1799 823 1880 quod
844 1801 942 1881 loures
965 1808 993 1862 et
1012 1799 1130 1882 fundes
1160 1801 1213 1882 qui
1235 1802 1298 1865 ruat
1317 1801 1457 1881 exemplo
1478 1817 1495 1863 e
1517 1796 1622 1864 &odio
1648 1801 1829 1881 deprompto
1850 1797 1979 1866 Seruius
2007 1801 2077 1863 urat

466 1917 691 1998 dunonstrnre)
723 1913 784 1980 178
813 1923 996 1980 armamenta
1024 1935 1099 2002 quae
1126 1917 1181 1984 FC
1204 1918 1304 1982 selah:
1332 1923 1572 2002 armamentaque
1603 1914 1665 1982 179
1692 1926 1867 1982 uaemrnam
1894 1917 1948 1984 FC
1974 1917 2075 1983 auto:

468 2041 614 2098 hartman
635 2032 697 2100 201
719 2033 927 2099 Tauroeniunr
950 2033 1003 2100 FC
1017 2035 1116 2100 scrib:
1139 2035 1372 2100 Tauromenium
1385 2033 1450 2101 235
1464 2034 1594 2100 historia
1615 2044 1663 2100 est
1684 2043 1891 2123 argumentum
1906 2038 1938 2102 F
1949 2035 2077 2101 tristeris

465 2157 511 2217 en
533 2166 741 2250 Q
765 2151 791 2218 G
810 2153 1025 2234 (omittendum
1046 2163 1091 2218 ert
1111 2163 1319 2240 argumentum
1340 2156 1425 2236 quod
1443 2155 1574 2218 irueruit
1595 2155 1760 2227 librarius,
1790 2158 1866 2237 quain
1884 2157 1984 2237 poulo
2005 2165 2078 2220 onte

465 2275 597 2354 lequ'tur:
635 2274 717 2338 inter
745 2269 900 2336 historiam
927 2271 983 2334 hoo
1012 2279 1060 2334 est
1087 2274 1311 2359 argumentum)
1342 2269 1407 2337 317
1436 2268 1610 2358 Cypselaae
1637 2263 1720 2337 satis
1741 2274 1773 2338 F
1796 2273 1920 2361 cypsale
1947 2273 2022 2337 sads
2052 2272 2077 2334 (ἶ

465 2393 565 2458 tetih:
589 2389 741 2480 Cypselae
764 2389 896 2454 ciuitatis
915 2385 979 2453 327
1001 2387 1122 2454 uberum
1135 2391 1198 2479 EC
1216 2392 1287 2474 (loo
1308 2401 1492 2474 corruptum
1512 2409 1575 2455 esse
1598 2391 1656 2455 sihi
1680 2395 1838 2472 prunastr
1859 2390 2075 2463 Burmannus,

463 2513 518 2576 aad
539 2512 673 2593 sonasse
692 2507 821 2576 Seruius
843 2506 1012 2589 Uerqilium
1034 2507 1145 2594 Georq.
1169 2507 1200 2574 11
1221 2507 1287 2576 234
1307 2518 1337 2575 et
1352 2506 1417 2575 275
1437 2517 1561 2574 namur
1574 2527 1684 2574 uocem
1697 2527 1779 2592 quoe
1799 2520 1844 2576 est
1862 2511 1936 2574 uher
1957 2525 2073 2592 oqntm

464 2630 639 2713 siqnidem
651 2625 763 2710 uoluit)
786 2625 850 2692 392
863 2625 978 2690 dixisse
996 2623 1172 2692 crederetur
1191 2625 1246 2694 FC
1265 2630 1365 2694 tetih:
1393 2626 1472 2692 dixit
1492 2648 1532 2691 ne
1554 2624 1717 2692 diuinando
1740 2625 1798 2692 dea
1814 2649 1883 2693 esse
1899 2628 2073 2692 crederetur

462 2745 526 2814 398
548 2764 620 2812 aues
642 2745 732 2811 semel
744 2745 798 2811 FC
818 2747 917 2830 (quod
936 2747 1001 2811 noli
1023 2765 1094 2811 curn
1116 2748 1284 2813 editoribus
1305 2757 1488 2829 corruptum
1514 2765 1578 2812 erse
1595 2745 1727 2829 putore)
1758 2745 1823 2812 426
1843 2747 1948 2834 quibos
1971 2745 2074 2811 allecti

463 2875 551 2933 eraut
573 2863 626 2932 FC
643 2866 733 2931 aaut.
757 2873 831 2929 aut:
866 2863 914 2950 qui
935 2862 1037 2930 allecti
1060 2871 1147 2928 erant
1167 2874 1241 2931 out:
1273 2865 1324 2953 qui
1345 2865 1378 2930 in
1399 2885 1464 2929 eom
1488 2863 1591 2928 allecti
1619 2878 1715 2930 erant.
1757 2863 1820 2930 435
1842 2885 1933 2954 pecus
1953 2865 2068 2932 simam

462 2986 516 3054 FC
533 2988 612 3070 quid
628 2985 821 3050 scribendum
841 2987 881 3048 sit
901 2986 1004 3048 uncio
1025 2981 1091 3048 446
1110 2983 1154 3048 ita
1182 2983 1292 3072 templa
1319 2982 1472 3048 iaciebant
1492 2981 1546 3048 FC
1564 2985 1636 3048 itta
1666 2993 1756 3048 orant
1784 2996 1899 3050 tantum
1929 2988 1961 3052 F
1984 2995 2072 3050 erant

460 3116 560 3173 nmen
582 3103 607 3170 G
626 3110 738 3169 tontum
760 3121 841 3167 corr.
871 3128 891 3188 y
914 3102 1025 3187 (uerbo
1046 3123 1126 3187 quus
1147 3113 1220 3170 suut
1250 3110 1337 3167 erant
1359 3111 1457 3166 tamer
1479 3102 1601 3169 librarii
1621 3122 1728 3169 errore
1757 3105 1815 3169 hoc
1845 3106 1912 3170 loco
1940 3108 2072 3186 repetito

462 3234 553 3291 aunt:
581 3242 657 3289 num
678 3225 712 3287 in
730 3224 769 3287 iis
790 3240 871 3305 quoe
890 3224 1038 3304 proxime
1060 3224 1242 3288 ouuoedutu
1266 3242 1333 3287 uon
1361 3228 1449 3286 erant
1477 3228 1575 3284 autem
1604 3222 1659 3285 sed
1688 3234 1776 3285 erant
1803 3230 1903 3287 maren
1926 3223 2018 3289 hehet
2037 3222 2070 3287 G.

460 3352 573 3409 uatum
595 3350 698 3407 ouum
718 3361 739 3424 p
758 3342 935 3405 corromisse
952 3352 1030 3423 puto
1051 3360 1093 3405 eu
1114 3343 1151 3406 iis
1173 3360 1254 3424 quae
1274 3349 1450 3423 sequuntur
1471 3338 1543 3403 alihi
1564 3345 1678 3403 tautum
1699 3360 1788 3405 saera
1809 3360 1879 3405 esse
1899 3340 2011 3429 templa
2030 3344 2072 3422 rt.

461 3466 503 3529 od
524 3462 599 3528 Aera.
627 3457 673 3528 IV
702 3458 773 3527 200.
822 3458 923 3524 aaron
952 3468 1057 3525 autem
1077 3462 1113 3526 de
1136 3461 1246 3543 quihus
1276 3461 1443 3541 quaeritur
1471 3461 1515 3523 stc
1536 3459 1697 3525 santoneo
1718 3468 1808 3525 suan:
1838 3479 1949 3523 morena
1972 3468 2070 3523 antem

461 3580 630 3646 Romanum
653 3587 784 3644 ueterem
807 3578 921 3665 tangit:
951 3578 1067 3665 antiqui
1096 3576 1213 3663 (idest
1240 3578 1324 3661 quod
1352 3587 1424 3643 onte
1454 3575 1568 3663 antiqui
1595 3578 1707 3643 lenham
1738 3579 1803 3645 add.
1834 3597 1896 3642 ean.
1919 3579 1958 3664 C)
1988 3578 2070 3650 enim

460 3698 555 3765 aedes
573 3719 676 3763 sacras
703 3697 747 3761 ita
768 3696 880 3785 templa
904 3697 1057 3761 faciehant
1085 3718 1111 3761 e.
1142 3718 1170 3783 q.
1200 3718 1224 3761 s.
1252 3695 1368 3760 ‘Erant
1393 3703 1493 3760 umen
1522 3694 1632 3783 templa
1661 3695 1693 3759 in
1723 3696 1829 3780 quihus
1856 3697 2008 3786 auspicato
2040 3710 2071 3760 et

458 3818 575 3908 puhlice
597 3839 649 3883 res
671 3814 894 3881 administretur
915 3814 974 3900 (sie
998 3815 1057 3881 Ca
1075 3834 1124 3897 pr.
1149 3836 1189 3881 tn.
1213 3814 1474 3881 administraretur
1492 3833 1574 3880 cerr.
1595 3813 1629 3899 y)
1652 3822 1683 3877 et
1705 3824 1827 3880 sendus
1849 3815 1953 3881 haheri
1974 3816 2072 3905 possit

458 3958 521 4003 uun
536 3958 623 4001 saara
638 3939 678 4020 οῖ.
704 3934 808 4001 Uarro
830 3938 860 4013 th
885 3937 904 3999 l.
927 3937 947 3999 h
968 3933 1032 4003 vll
1056 3932 1096 3999 10
1110 3943 1139 3999 et
1162 3930 1300 4001 Niebuhr
1320 3934 1398 3999 aar.
1412 3934 1503 3999 Rern
1525 3932 1554 3998 ll
1577 3932 1786 4019 79951761)
1807 3934 1871 4000 456
1891 3936 2072 4023 itasepamt

458 4077 589 4146 pugnam
609 4053 693 4119 illum
716 4076 771 4143 pro
793 4057 873 4119 omni
891 4051 969 4121 bello
992 4054 1121 4119 futuram
1142 4052 1262 4141 Lyhius
1282 4052 1315 4117 in
1335 4052 1451 4140 Pyrrhi
1472 4074 1499 4118 e.
1521 4076 1549 4139 q.
1564 4075 1590 4119 a.
1611 4053 1665 4120 FC
1682 4055 1782 4120 scrib:
1804 4054 1850 4118 ita
1870 4061 1974 4142 sperat
1993 4074 2072 4143 pag·

459 4196 527 4241 uam
548 4174 631 4240 illam
654 4194 710 4261 pro
733 4175 831 4239 omine
852 4148 1077 4238 hellilnturam
1098 4170 1207 4237 Liuius
1237 4194 1265 4237 o.
1287 4192 1316 4257 q.
1335 4193 1362 4237 s.
1388 4175 1429 4257 cs.
1451 4174 1495 4237 od
1514 4173 1592 4239 Aen.
1620 4171 1664 4255 X,
1685 4171 1758 4237 311.
1799 4171 1865 4237 479
1892 4174 1924 4236 iu
1947 4182 2070 4261 pectore

458 4293 512 4361 fc
530 4292 629 4360 scrib:
652 4293 682 4357 in
705 4292 820 4381 pictura
841 4290 904 4357 564
927 4288 1106 4379 Carthagini
1122 4300 1288 4380 regnatura
1302 4291 1377 4356 urhe
1399 4311 1474 4379 argu
1496 4291 1554 4355 iam
1577 4292 1644 4381 ipse
1659 4312 1726 4357 naua
1740 4292 1889 4379 regnabat
1904 4292 1958 4359 FC
1970 4294 2070 4360 tetih.-

460 4409 644 4500 Carthagini
665 4421 859 4498 regoaturae,
882 4411 948 4475 orhi
971 4382 1065 4498 eugas
1087 4430 1156 4475 uam
1176 4409 1243 4500 ipsa
1264 4410 1323 4475 iam
1344 4411 1493 4498 regnabat
1514 4409 1577 4476 595
1597 4412 1629 4476 in
1643 4410 1760 4498 quidam
1777 4410 1956 4477 testudinem
1972 4410 2069 4477 locum

456 4534 489 4598 iu
517 4530 572 4598 FC
598 4532 695 4597 tetih:
728 4531 761 4595 in
791 4528 915 4618 quadam
944 4528 1093 4595 testudine
1130 4529 1236 4595 luisse.
1287 4528 1350 4595 ulti
1377 4529 1476 4595 locoru
1505 4530 1538 4595 in
1567 4533 1608 4614 cl.
1640 4531 1745 4597 Cicero
1773 4529 1864 4597 Bratt
1895 4528 1989 4595 xxll
2015 4528 2069 4596 87.

456 4648 519 4717 595
547 4651 704 4739 impatiens
725 4651 758 4715 F
773 4648 948 4751 inpatientia
972 4648 997 4715 G
1024 4650 1122 4733 (quod
1147 4658 1413 4731 corruptionem
1434 4669 1500 4716 non
1526 4660 1606 4715 recte
1626 4659 1769 4738 stotuurrt
1797 4652 1947 4716 eduum:
1974 4653 2069 4734 inpa-

457 4774 532 4835 tiens
554 4773 637 4837 enim
657 4774 780 4852 lineam
796 4768 926 4835 &ahur
948 4771 1031 4833 dieto
1053 4780 1106 4843 est,
1124 4780 1160 4833 ut
1181 4788 1261 4852 quoe
1283 4770 1409 4850 linquae
1426 4771 1665 4851 praemissum
1686 4788 1828 4835 coercere
1843 4789 1909 4834 nou
1923 4772 2066 4852 potuerit.
2155 4779 2157 4784 ·

457 4890 495 4972 ol.
520 4890 622 4971 poulo
650 4898 739 4972 post:
770 4886 904 4954 Chelone
933 4887 1065 4955 irridens
1095 4898 1125 4953 et
1156 4887 1312 4977 derogans
1341 4889 1455 4975 nuptiis
1482 4898 1511 4953 at
1539 4887 1632 4953 Ouid.
1659 4888 1733 4955 llet.
1754 4887 1834 4953 Xlll
1862 4887 1882 4953 3
1911 4887 2066 4978 impatiens

456 5006 549 5093 irae.)
577 5006 639 5073 565
661 5008 797 5075 damnum
818 5008 873 5075 FC
890 5009 989 5075 tetih:
1024 5006 1139 5073 domum
1161 5006 1223 5075 535
1246 5006 1342 5073 Orion
1361 5008 1417 5075 FC
1434 5009 1533 5076 tetih:
1564 5007 1734 5096 Oenopion.
1768 5004 1832 5072 587
1852 5028 1931 5093 quae.
1948 5004 2066 5093 legihus

457 5125 509 5195 76
527 5150 546 5211 y
566 5147 648 5195 corr.
675 5126 801 5217 legimus
830 5130 915 5211 quod
943 5139 1059 5194 rernm
1081 5138 1134 5193 est
1167 5124 1229 5192 621
1247 5126 1398 5194 ltlalissue
1418 5130 1473 5197 FG
1492 5132 1588 5196 sard:
1617 5126 1736 5193 Elissae
1760 5160 1804 5175 -
1833 5126 1916 5200 linae
1940 5124 1974 5187 in
1993 5122 2065 5189 Fol-

457 5242 541 5314 densi
563 5245 625 5334 lagi
645 5246 829 5334 significauit
850 5246 887 5313 Ρ.
911 5246 1019 5313 Dauid
1042 5244 1140 5313 ul·
1162 5246 1304 5335 leguntur
1323 5248 1355 5313 in
1377 5246 1575 5332 Casuellemo,
1602 5249 1634 5314 in
1662 5267 1722 5333 qua
1742 5258 1774 5314 et
1794 5248 1919 5327 desunt,
1940 5265 2016 5342 quae
2036 5246 2067 5308 iu
