5017 6225
404 1731 522 1834 Seruii>
537 1787 612 1855 qnae
634 1763 772 1832 dicuntur
794 1763 955 1829 carminum
978 1761 1225 1852 Uergilianorum
1246 1765 1414 1826 commenta
1444 1759 1513 1847 quin
1542 1759 1638 1826 uariis
1658 1761 1839 1851 temporibus
1860 1757 1943 1826 multi
1966 1769 2018 1822 snt

405 1883 613 1954 contrahendo
635 1893 687 1950 ant
707 1880 919 1973 interpolando
941 1879 1122 1946 mutanerint
1143 1880 1277 1963 quamuis
1298 1880 1330 1944 in
1352 1899 1464 1967 magna
1491 1877 1637 1945 librorum
1666 1901 1754 1946 manu
1779 1879 1957 1968 scriptorum
1986 1883 2018 1941 ει

402 2004 566 2070 editionum
589 2012 723 2070 netarum
746 1999 989 2068 dissimilitudine
1010 1997 1140 2066 dubitari
1161 2006 1309 2085 nequeat,
1340 1993 1417 2062 duae
1446 2009 1546 2066 nmen
1568 2019 1671 2065 eorum
1699 1999 1893 2065 recensiones
1924 1992 2016 2060 laoile
2042 1984 2048 2007 ‘

401 2122 628 2190 discernuntur:
650 2121 778 2187 alteram
799 2119 974 2209 ampliorem
998 2153 1036 2168 -
1060 2117 1173 2183 rectius
1195 2117 1275 2181 enim
1298 2114 1398 2204 ampla
1413 2137 1503 2203 qnam
1531 2118 1656 2202 integre
1677 2128 1802 2209 neomnr
1822 2153 1864 2166 -—
1895 2113 2017 2180 exbibet

403 2241 614 2324 emortuam,
638 2241 734 2306 altera
751 2229 879 2305 'br'enior
899 2237 929 2302 io
960 2235 1116 2327 permultis
1138 2242 1240 2302 exstat
1261 2233 1432 2320 codicibus,
1459 2235 1603 2322 equibus
1623 2235 1814 2302 Beruensem
1840 2234 1963 2300 nomino
1985 2243 2017 2296 et

401 2360 618 2450 Lipsiensem,
641 2359 747 2448 quibos
769 2378 829 2447 ego
851 2377 921 2421 nsns
943 2377 1029 2439 sum,
1050 2355 1203 2441 Regium,
1233 2352 1430 2438 Leidensem,
1460 2353 1641 2439 Uorsianos,
1672 2376 1746 2442 qnos
1770 2355 1957 2420 Burmannus
1978 2349 2017 2416 ad

402 2497 486 2546 suam
508 2472 672 2544 editionem
695 2475 901 2542 adornandam
922 2473 1067 2540 adhibuit.
1107 2473 1239 2548 Quorum
1266 2471 1474 2540 recensionem
1496 2481 1565 2539 ntra
1585 2495 1604 2538 a
1624 2473 1756 2562 pristina
1785 2487 1817 2538 et
1842 2475 2017 2562 incorrupta

402 2597 544 2664 Seruiani
567 2596 670 2686 operis
691 2595 867 2661 sinceritate
887 2591 998 2658 minori
1020 2589 1181 2658 interuallo
1205 2591 1320 2658 distare
1341 2589 1491 2675 uidentur,
1513 2592 1563 2658 uel
1586 2599 1618 2657 ut
1637 2591 1727 2660 aldor
1748 2589 1843 2658 dicam
1864 2603 1961 2658 ntrum
1982 2613 2018 2656 ea

404 2735 491 2801 nquam
513 2714 684 2780 breuiorem
708 2711 771 2778 dixi
794 2709 947 2776 decurtata
969 2719 1000 2775 et
1021 2731 1062 2776 ex
1083 2709 1222 2800 ampliori
1245 2724 1276 2776 et
1296 2711 1420 2799 integra
1439 2719 1583 2800 excerpta
1604 2731 1691 2794 ease,
1713 2733 1751 2776 an
1776 2712 1906 2801 amplior
1925 2711 2018 2777 inter

402 2831 507 2920 polata
529 2842 560 2898 ot
581 2853 599 2897 e
621 2841 759 2896 notarum
781 2829 956 2918 imagine,
985 2829 1119 2894 breuiori
1141 2838 1172 2894 et
1193 2838 1362 2896 commenta
1384 2827 1460 2894 talia
1480 2829 1582 2917 qualia
1600 2829 1727 2896 Sensim
1747 2831 1870 2921 scripsit
1895 2848 2019 2920 reprae-

404 2951 538 3016 sentanti
559 2973 577 3016 a
600 2948 806 3036 grammaticis
830 2957 860 3014 et
881 2948 1034 3014 monachis
1056 2946 1240 3037 pedetentim
1262 2947 1481 3037 adglomerata,
1512 2956 1581 3013 orta
1602 2969 1670 3015 essa
1691 2949 1822 3038 putanda
1841 2949 1898 3017 sit:
1922 2949 1961 3016 de
1981 2971 2018 3014 eo

405 3070 462 3135 hae
483 3065 636 3137 scribendi
659 3068 886 3159 opportunitate
906 3067 978 3134 mibi
1008 3066 1111 3134 oblata
1140 3087 1222 3137 eram
1246 3065 1457 3158 disputaturus.
1499 3066 1562 3135 Sed
1583 3067 1689 3155 quibus
1710 3067 1750 3134 ad
1772 3069 1851 3135 benc
1869 3068 2019 3157 quaestio·

401 3209 470 3255 nem
494 3187 688 3255 dirimendam
712 3208 788 3277 opus
810 3197 858 3253 est
874 3186 1052 3255 Cascellnni
1074 3195 1106 3252 et
1125 3186 1302 3277 Lipsiensis
1324 3186 1548 3253 conlationibus
1568 3197 1708 3252 accurate
1721 3187 1823 3273 lectis,
1839 3208 1939 3253 earnm
1954 3208 2018 3253 eum

401 3305 485 3373 illam
507 3316 621 3375 tantum
642 3328 696 3374 sno
720 3314 855 3395 tompore
883 3306 974 3395 plene
1005 3306 1157 3371 conficere
1177 3306 1251 3372 milri
1279 3305 1426 3391 licuisset,
1448 3305 1534 3373 alind
1563 3306 1782 3373 commentandi
1813 3320 2019 3396 argumentum

400 3426 600 3513 qoparendum
622 3438 696 3493 erat
740 3424 838 3514 Atque
860 3435 892 3490 ut
914 3426 1004 3515 primi
1025 3424 1180 3493 Aeneidos
1201 3423 1273 3491 libri
1293 3426 1454 3491 commenti
1467 3437 1583 3514 partem
1599 3447 1618 3489 e
1634 3424 1829 3510 camellam,
1852 3426 2017 3506 Bernensi,

400 3544 559 3633 Lipsiensi
580 3565 666 3633 quam
688 3544 820 3611 maxime
842 3542 1027 3615 emendatam
1049 3544 1160 3639 publici
1175 3546 1251 3612 iuris
1266 3545 1368 3611 iecere
1381 3546 1607 3627 constituerem,
1619 3543 1763 3611 librorum
1776 3544 1899 3611 illorum
1929 3562 2019 3632 prae·

401 3664 514 3729 stantia
536 3662 676 3743 effectum
698 3673 754 3729 est
795 3662 872 3730 Nam
894 3662 1067 3731 Camellani
1088 3662 1193 3733 landes
1215 3685 1233 3728 a
1256 3664 1439 3747 Doebnero,
1466 3663 1623 3753 Bergine,
1654 3662 1723 3729 aliis
1746 3662 1842 3729 dotas
1862 3684 1927 3729 cnm
1956 3684 2020 3729 nou

399 3783 440 3846 sit
463 3802 515 3847 cnr
536 3782 596 3848 hoc
617 3780 685 3847 loco
707 3780 925 3871 redintegrem,
948 3792 1008 3851 tom
1022 3783 1189 3851 Bernensis
1211 3782 1332 3849 codices
1346 3783 1513 3849 Ser-arianos
1536 3776 1682 3871 quotquot
1696 3781 1793 3848 adbuc
1814 3785 1930 3873 cogniti
1950 3794 2021 3851 sunt

401 3920 506 3965 ramnes
529 3908 677 3967 uetustate
698 3900 873 3990 praecellit,
903 3909 963 3967 tum
984 3900 1160 3993 Lipsiensis
1182 3909 1218 3967 et·
1234 3902 1415 3988 antiquitate
1443 3912 1475 3967 et
1503 3902 1671 3991 scripturae
1700 3901 1861 3990 diligentia
1887 3902 2020 3995 insignis

401 4030 458 4085 est.
501 4016 566 4085 Sed
589 4019 628 4086 de
649 4019 699 4085 luis
720 4020 811 4087 libris
833 4018 1010 4110 singillatim
1033 4018 1189 4087 dicendum
1211 4030 1269 4085 εει.

483 4138 530 4202 Αε
539 4138 815 4225 ¹Cooaellooornffl)
827 4139 944 4227 quidem
956 4138 1136 4223 llanmerus,
1146 4138 1203 4207 Uir
1210 4137 1507 4222 Excellentissimos,
1516 4138 1788 4229 illinisterltegins
1798 4160 1912 4206 somma
1926 4143 2019 4209 comi·

400 4264 465 4323 tate
475 4256 514 4321 ad
529 4280 576 4323 ιε
588 4258 850 4325 transmittendum
865 4259 989 4325 curauit.
1013 4256 1237 4327 Tractauornnt
1252 4280 1319 4325 enm
1330 4266 1401 4348 post
1415 4258 1539 4323 Petrum
1547 4257 1709 4324 Danielem
1722 4259 2018 4344 lloebnerns,Bern·

402 4373 544 4462 martyna,
562 4376 755 4462 Krabnerus,
772 4376 938 4468 Bergkios.
961 4377 1098 4467 Scriptus
1115 4392 1162 4443 eet
1175 4376 1286 4443 litteris
1302 4377 1498 4465 carolingicis
1512 4376 1635 4442 saeculo
1656 4377 1688 4442 X
1703 4377 1735 4442 in
1751 4374 1826 4443 clx
1839 4379 2020 4448 membranis

403 4492 519 4561 l'ormae
548 4495 718 4583 quadratae
751 4495 806 4564 sed
836 4498 960 4563 maioris
988 4517 1154 4563 mensurae.
1207 4494 1382 4583 Quanquam
1403 4496 1435 4559 in
1465 4495 1596 4584 singulis
1624 4496 1746 4585 paginis
1775 4518 1882 4564 nerem
1911 4500 2020 4564 triceni

401 4608 515 4696 singuli
543 4634 656 4681 summe
687 4617 859 4683 constantia
891 4615 1010 4681 exarati
1039 4626 1126 4700 sunt,
1156 4629 1256 4681 tamen
1289 4625 1402 4679 mutum
1431 4614 1519 4679 abest
1548 4630 1580 4679 nt
1604 4616 1642 4679 ab
1673 4613 1779 4681 endem
1809 4636 1899 4681 mann
1920 4615 2018 4683 codex

401 4728 530 4815 scriptus
552 4734 613 4819 sit,
636 4746 670 4801 nt
691 4734 744 4801 alii
766 4737 798 4801 in
820 4736 890 4801 aliis
912 4734 1046 4825 partibus
1068 4734 1186 4801 librarii
1208 4731 1315 4801 eodem
1337 4744 1471 4821 tompore
1494 4734 1630 4823 occupati
1658 4734 1784 4802 luerint
1826 4732 1901 4801 lude
1922 4736 2018 4826 expli·

403 4844 529 4913 candnm
550 4864 597 4917 est
619 4853 698 4941 quod
722 4854 808 4921 trium
831 4855 1020 4945 paginarum,
1051 4873 1126 4940 qnae
1147 4862 1216 4919 snnt
1237 4852 1293 4920 lol.
1316 4852 1384 4917 77b
1405 4850 1462 4919 lol.
1483 4850 1556 4919 ura
1578 4852 1631 4917 lol.
1648 4852 1748 4938 tutu,
1770 4860 1873 4944 partes
1894 4862 1926 4920 et
1947 4876 2019 4939 nnn

406 4988 480 5051 quae
503 4976 549 5033 est
571 4968 624 5035 lol.
644 4970 712 5038 87b
735 4975 858 5060 integra
879 4974 1030 5063 scriptura
1050 4980 1167 5039 namot
1210 4971 1379 5039 Uerborom
1402 4970 1554 5037 distinctio
1577 4994 1670 5062 saepe
1700 4986 1752 5038 ant
1779 4972 1861 5037 nulla
1894 4983 1940 5039 est
1968 4987 2021 5041 aut

404 5084 491 5151 salso.
535 5086 727 5157 Scholiorum
749 5092 838 5159 initia
859 5089 970 5159 litteris
992 5090 1215 5183 grandiusculis
1237 5089 1370 5156 indicata
1392 5104 1470 5157 sunt.
1501 5086 1643 5159 Ceterum
1666 5092 1744 5159 hono
1767 5087 1901 5159 codicem
1922 5094 2020 5161 scien·

405 5202 471 5271 dum
495 5216 541 5273 est
564 5207 667 5277 Seruii
691 5230 749 5276 sex
773 5212 906 5300 priora·
929 5210 1084 5280 Aeneidos
1113 5212 1256 5279 librorum
1287 5210 1443 5302 complecti
1465 5222 1643 5296 commenta,
1666 5233 1742 5299 qnae
1769 5218 1869 5278 umen
1898 5214 2021 5305 integra

1848 5317 1861 5369 1
